<?xml version="1.0" encoding="UTF-8"?><collection xmlns="http://www.loc.gov/MARC21/slim"><record><leader>00406nam--2200133-i-4500</leader><controlfield tag="001">000028749</controlfield><controlfield tag="002">20161230</controlfield><controlfield tag="005">20161230201037</controlfield><controlfield tag="008">060222s1000------------r-----000-0-eng-d</controlfield><datafield ind1=" " ind2=" " tag="080"><subfield code="a">621.313.001(021)=2</subfield></datafield><datafield ind1=" " ind2=" " tag="100"><subfield code="a">Kuhlmann, John H</subfield></datafield><datafield ind1=" " ind2=" " tag="245"><subfield code="a">Design of electrical apparatus.third edition</subfield></datafield><datafield ind1=" " ind2=" " tag="260"><subfield code="a">New York, John Wiley &amp; Sons, London, Chapman &amp; Hall, 1950. Xi + 512p. Cu Ilustr.+ Appendix</subfield></datafield><datafield ind1=" " ind2=" " tag="852"><subfield code="a">2382</subfield></datafield></record></collection>